<record><leader>00000cas a22000007a 4500</leader><controlfield tag="001">35455842</controlfield><controlfield tag="008">960910d19271930iluwr ne      0    0eng d</controlfield><datafield ind1=" " ind2=" " tag="010"><subfield code="a">sn 96070047 </subfield></datafield><datafield ind1=" " ind2=" " tag="040"><subfield code="a">CVF</subfield><subfield code="b">eng</subfield><subfield code="c">CVF</subfield><subfield code="d">OCLCQ</subfield></datafield><datafield ind1=" " ind2=" " tag="042"><subfield code="a">msc</subfield></datafield><datafield ind1="0" ind2="4" tag="245"><subfield code="a">The Uptown citizen.</subfield></datafield><datafield ind1="3" ind2=" " tag="246"><subfield code="a">Uptown citizen and the northside citizen</subfield></datafield><datafield ind1="3" ind2=" " tag="246"><subfield code="a">Uptown citizen &amp; the northside citizen</subfield></datafield><datafield ind1=" " ind2=" " tag="260"><subfield code="a">Chicago [Ill.] :</subfield><subfield code="b">Northside Citizen Pub. Co.,</subfield><subfield code="c">-1930.</subfield></datafield><datafield ind1=" " ind2=" " tag="300"><subfield code="a">v.</subfield></datafield><datafield ind1=" " ind2=" " tag="310"><subfield code="a">Weekly</subfield></datafield><datafield ind1="1" ind2=" " tag="362"><subfield code="a">Began in 1927.</subfield></datafield><datafield ind1="0" ind2=" " tag="362"><subfield code="a">-v. 4, no. 2 (Apr. 25, 1930).</subfield></datafield><datafield ind1=" " ind2=" " tag="500"><subfield code="a">Published as: The Uptown citizen and the northside citizen, &lt;Feb. 21&gt;-Apr. 25, 1930.</subfield></datafield><datafield ind1=" " ind2=" " tag="588"><subfield code="a">Description based on: Vol. 1, no. 14 (Jan. 6, 1928).</subfield></datafield><datafield ind1=" " ind2="4" tag="651"><subfield code="a">Uptown (Chicago, Ill.)</subfield><subfield code="v">Newspapers.</subfield></datafield><datafield ind1=" " ind2=" " tag="752"><subfield code="a">United States</subfield><subfield code="b">Illinois</subfield><subfield code="c">Cook</subfield><subfield code="d">Chicago.</subfield></datafield><datafield ind1="0" ind2="0" tag="785"><subfield code="t">Uptown news and the northside citizen</subfield><subfield code="w">(DLC)sn 96070049</subfield></datafield><datafield ind1="1" ind2=" " tag="029"><subfield code="a">AU@</subfield><subfield code="b">000012845170</subfield></datafield></record>